@book{riehl2017category,
  title={Category theory in context},
  author={Riehl, Emily},
  year={2017},
  publisher={Courier Dover Publications}
}

@book{maclane2012sheaves,
  title={Sheaves in geometry and logic: A first introduction to topos theory},
  author={MacLane, Saunders and Moerdijk, Ieke},
  year={2012},
  publisher={Springer Science \& Business Media}
}

@book{johnstone2002sketches1,
  title={Sketches of an Elephant: A Topos Theory Compendium},
  author={Johnstone, Peter T.},
  volume={1},
  year={2002},
  publisher={Oxford University Press}
}

@book{johnstone2002sketches2,
  title={Sketches of an Elephant: A Topos Theory Compendium},
  author={Johnstone, Peter T.},
  volume={2},
  year={2002},
  publisher={Oxford University Press}
}


@article{caramello2016topological,
  title={Topological galois theory},
  author={Caramello, Olivia},
  journal={Advances in Mathematics},
  volume={291},
  pages={646--695},
  year={2016},
  publisher={Elsevier}
}

@article{caramello2019some,
  title={Some aspects of topological Galois theory},
  author={Caramello, Olivia and Lafforgue, Laurent},
  journal={Journal of Geometry and Physics},
  volume={142},
  pages={287--317},
  year={2019},
  publisher={Elsevier}
}
